@book{data-mining-intro,
  author = {Tan, Pang-Ning and Steinbach, Michael and Kumar, Vipin},
  title = {Introduction to Data Mining, (First Edition)},
  year = {2005},
  isbn = {0321321367},
  publisher = {Addison-Wesley Longman Publishing Co., Inc.},
  address = {Boston, MA, USA},
}
